<?xml version="1.0" encoding="UTF-8" ?>
<collection xmlns="http://www.loc.gov/MARC21/slim"
    xmlns:xsi="http://www.w3.org/2001/XMLSchema-instance"
    xsi:schemaLocation="http://www.loc.gov/MARC21/slim http://www.loc.gov/standards/marcxml/schema/MARC21slim.xsd">
    <record>
        <leader>05309nam a22007093a 4500</leader>
        <controlfield tag="001">8pfvpcx9683jtsn7</controlfield>
        <controlfield tag="003">LIBRIS</controlfield>
        <controlfield tag="005">20220226055504.0</controlfield>
        <controlfield tag="007">cr |||   |||||         </controlfield>
        <controlfield tag="008">220226s2022    sw |||||om|||o000 ||swe|c</controlfield>
        <datafield tag="020" ind1=" " ind2=" ">
            <subfield code="a">9789178672677</subfield>
        </datafield>
        <datafield tag="020" ind1=" " ind2=" ">
            <subfield code="z">9789178672578</subfield>
        </datafield>
        <datafield tag="024" ind1="7" ind2=" ">
            <subfield code="a">http://urn.kb.se/resolve?urn=urn:nbn:se:kau:diva-88238</subfield>
            <subfield code="2">uri</subfield>
        </datafield>
        <datafield tag="024" ind1="7" ind2=" ">
            <subfield code="a">urn:nbn:se:kau:diva-88238</subfield>
            <subfield code="2">urn</subfield>
        </datafield>
        <datafield tag="024" ind1="7" ind2=" ">
            <subfield code="5">APIS</subfield>
            <subfield code="a">urn:nbn:se:kau:diva-88238</subfield>
            <subfield code="2">urn</subfield>
        </datafield>
        <datafield tag="040" ind1=" " ind2=" ">
            <subfield code="a">S</subfield>
            <subfield code="e">a</subfield>
        </datafield>
        <datafield tag="041" ind1=" " ind2=" ">
            <subfield code="a">swe</subfield>
            <subfield code="b">eng</subfield>
        </datafield>
        <datafield tag="042" ind1=" " ind2=" ">
            <subfield code="9">EPLK</subfield>
        </datafield>
        <datafield tag="100" ind1="1" ind2=" ">
            <subfield code="a">Edin, Fredrik,</subfield>
            <subfield code="d">1967-</subfield>
            <subfield code="4">aut</subfield>
        </datafield>
        <datafield tag="245" ind1="1" ind2="0">
            <subfield code="a">Kronopolis</subfield>
            <subfield code="h">[Elektronisk resurs]</subfield>
            <subfield code="b">Tid, makt och medialisering i Malm̲</subfield>
        </datafield>
        <datafield tag="246" ind1="1" ind2=" ">
            <subfield code="a">Chronopolis</subfield>
            <subfield code="b">Time, Power and Mediatization in Malm̲</subfield>
        </datafield>
        <datafield tag="264" ind1=" " ind2="1">
            <subfield code="a">Karlstad :</subfield>
            <subfield code="b">Karlstads universitet,</subfield>
            <subfield code="c">2022</subfield>
        </datafield>
        <datafield tag="490" ind1="1" ind2=" ">
            <subfield code="a">Karlstad University Studies,</subfield>
            <subfield code="x">1403-8099</subfield>
            <subfield code="x">1403-8099 ;</subfield>
            <subfield code="v">2022:4</subfield>
        </datafield>
        <datafield tag="500" ind1=" " ind2=" ">
            <subfield code="a">degree of Doctor of Philosophy</subfield>
        </datafield>
        <datafield tag="500" ind1=" " ind2=" ">
            <subfield code="a">Filosofie doktorsexamen</subfield>
        </datafield>
        <datafield tag="502" ind1=" " ind2=" ">
            <subfield code="a">Diss.  Karlstad : Karlstads universitet, 2022</subfield>
        </datafield>
        <datafield tag="506" ind1="0" ind2=" ">
            <subfield code="a">gratis</subfield>
        </datafield>
        <datafield tag="520" ind1=" " ind2=" ">
            <subfield code="a">Syftet med den hr̃ etnografin r̃ att undersk̲a hur medialiseringen pv̄erkar stadslivet i Malm,̲ sr̃skilt ur ett tidsligt perspektiv.&amp;#xa0; Fr̲eml̄ fr̲ studien r̃ de tidsliga maktrelationer och linjr̃a rytmer  som arbete och konsumtion  som medialiseringen ger upphov till i det urbana rummet.&amp;#xa0; Fl̃tarbetet har genomfr̲ts i stadsdelarna Seved, Centrum, Frihamnen och Ml̲levn̄gen i Malm.̲ Studien innehl̄ler ocks ̄en reflexiv del om erfarenheterna av att br̃a smart klocka under fyra r̄.&amp;#xa0; Etnografins viktigaste upptc̃kt r̃ att medialiseringen gr̲ rumsligheter och tidsligheter abstrakta och fr̲eml̄ fr̲ konflikt. Det hr̃ skapar en nu typ av linjr̃a rytmer: spekulativa rytmer. Det r̃ en ny typ av linjr̃a rytmer som r̃ instabila, saknar kronologisk ordning och befinner sig i stñdig fr̲ñdring. Potentiellt kan vilken plats som helst vara vilken annan plats som helst och vilken tid som helst, vilken annan tid som helst. Utgn̄gen av de hr̃ konflikterna r̃ en konsekvens att de inblandade parternas respektive styrkefr̲hl̄lande i varje situation.&amp;#xa0; Etnografin bidrar med ett tidsligt perspektiv p ̄medialisering och ett k̲at tidsligt fr̲stēnde av samhl̃let vi lever i.</subfield>
        </datafield>
        <datafield tag="520" ind1=" " ind2=" ">
            <subfield code="a">The purpose of this ethnographic study is to examine how mediatization affects urban life in the city of Malm,̲ with particular emphasis aspects of temporality.&amp;#xa0;&amp;#xa0; The object of study are the temporal power-relations and linear rhythms, such as patterns of work and consumption which are engendered by the mediatization of urban space.&amp;#xa0;&amp;#xa0; The fieldwork in this inquiry was conducted in the city center of Malm ̲&amp;#xa0;as well as in the districts of Seved, Frihamnen and Ml̲levn̄gen. The study also includes a reflexive component that relates the authors own experience of wearing a smart watch for the duration of four years.&amp;#xa0;&amp;#xa0; The most significant finding in this ethnography is that mediatization turns spatiality and temporality into abstractions and into sources of conflict. This in turn creates a new type of linear speculative rhythms which are unstable, lacking in chronological order and that exist in a constant state of change. This gives rise to a transformation whereby every place can potentially be turned into every other place and every point in time can be turned into every other. The outcomes of conflicts in this process are determined by the respective power relations and positions held by the parties involved in every respective situation. &amp;#xa0;&amp;#xa0; This ethnography provides a temporal perspective on mediatization and contributes to improving an understanding of the temporal aspects of the society in which we live.</subfield>
        </datafield>
        <datafield tag="650" ind1=" " ind2="7">
            <subfield code="a">Social Sciences</subfield>
            <subfield code="2">hsv</subfield>
        </datafield>
        <datafield tag="650" ind1=" " ind2="7">
            <subfield code="a">Media and Communications</subfield>
            <subfield code="2">hsv</subfield>
        </datafield>
        <datafield tag="650" ind1=" " ind2="7">
            <subfield code="a">Samhl̃lsvetenskap</subfield>
            <subfield code="2">hsv</subfield>
        </datafield>
        <datafield tag="650" ind1=" " ind2="7">
            <subfield code="a">Medie- och kommunikationsvetenskap</subfield>
            <subfield code="2">hsv</subfield>
        </datafield>
        <datafield tag="650" ind1=" " ind2="7">
            <subfield code="a">Media and Communication Studies</subfield>
            <subfield code="2">kau</subfield>
        </datafield>
        <datafield tag="650" ind1=" " ind2="7">
            <subfield code="a">Medie- och kommunikationsvetenskap</subfield>
            <subfield code="2">kau</subfield>
        </datafield>
        <datafield tag="653" ind1=" " ind2=" ">
            <subfield code="a">Mediatization</subfield>
        </datafield>
        <datafield tag="653" ind1=" " ind2=" ">
            <subfield code="a">ethnography</subfield>
        </datafield>
        <datafield tag="653" ind1=" " ind2=" ">
            <subfield code="a">power-chronography</subfield>
        </datafield>
        <datafield tag="653" ind1=" " ind2=" ">
            <subfield code="a">speculative rhythms</subfield>
        </datafield>
        <datafield tag="653" ind1=" " ind2=" ">
            <subfield code="a">temporal power relations</subfield>
        </datafield>
        <datafield tag="653" ind1=" " ind2=" ">
            <subfield code="a">Medialisering</subfield>
        </datafield>
        <datafield tag="653" ind1=" " ind2=" ">
            <subfield code="a">etnografi</subfield>
        </datafield>
        <datafield tag="653" ind1=" " ind2=" ">
            <subfield code="a">maktkronografi</subfield>
        </datafield>
        <datafield tag="653" ind1=" " ind2=" ">
            <subfield code="a">spekulativa rytmer</subfield>
        </datafield>
        <datafield tag="653" ind1=" " ind2=" ">
            <subfield code="a">tids-liga maktrelationer.</subfield>
        </datafield>
        <datafield tag="655" ind1=" " ind2="7">
            <subfield code="a">government publication</subfield>
            <subfield code="2">marcgt</subfield>
        </datafield>
        <datafield tag="700" ind1="1" ind2=" ">
            <subfield code="a">&amp;#xd6;rnebring, Henrik,</subfield>
            <subfield code="d">1972-</subfield>
            <subfield code="4">ths</subfield>
        </datafield>
        <datafield tag="700" ind1="1" ind2=" ">
            <subfield code="a">Ryan Bengtsson, Linda,</subfield>
            <subfield code="d">1976-</subfield>
            <subfield code="4">ths</subfield>
        </datafield>
        <datafield tag="700" ind1="1" ind2=" ">
            <subfield code="a">Kingsepp, Eva,</subfield>
            <subfield code="d">1961-</subfield>
            <subfield code="4">ths</subfield>
        </datafield>
        <datafield tag="700" ind1="1" ind2=" ">
            <subfield code="a">Ericson, Staffan</subfield>
            <subfield code="4">opn</subfield>
        </datafield>
        <datafield tag="710" ind1="1" ind2=" ">
            <subfield code="a">Karlstads universitet</subfield>
            <subfield code="b">Fakulteten fr̲ humaniora och samhl̃lsvetenskap (from 2013)</subfield>
            <subfield code="4">pbl</subfield>
        </datafield>
        <datafield tag="772" ind1="0" ind2="8">
            <subfield code="i">channel record</subfield>
            <subfield code="w">dxq1b6fq10bns55</subfield>
        </datafield>
        <datafield tag="776" ind1="0" ind2="8">
            <subfield code="i">Annat format</subfield>
            <subfield code="z">9789178672578</subfield>
        </datafield>
        <datafield tag="830" ind1=" " ind2="0">
            <subfield code="a">Karlstad University Studies,</subfield>
            <subfield code="x">1403-8099</subfield>
            <subfield code="x">1403-8099 ;</subfield>
            <subfield code="v">2022:4</subfield>
        </datafield>
        <datafield tag="841" ind1=" " ind2=" ">
            <subfield code="5">APIS</subfield>
            <subfield code="a">x  a</subfield>
            <subfield code="b">220226||0000|||||001||||||000000</subfield>
            <subfield code="e">u</subfield>
        </datafield>
        <datafield tag="852" ind1=" " ind2=" ">
            <subfield code="5">APIS</subfield>
            <subfield code="b">APIS</subfield>
        </datafield>
        <datafield tag="856" ind1="4" ind2="0">
            <subfield code="u">http://urn.kb.se/resolve?urn=urn:nbn:se:kau:diva-88238</subfield>
        </datafield>
        <datafield tag="856" ind1="4" ind2="0">
            <subfield code="u">http://kau.diva-portal.org/smash/get/diva2:1632961/FULLTEXT01</subfield>
        </datafield>
        <datafield tag="856" ind1="4" ind2="2">
            <subfield code="u">http://www.kau.se/</subfield>
            <subfield code="z">Vr̃dpublikation</subfield>
        </datafield>
        <datafield tag="856" ind1="4" ind2="0">
            <subfield code="5">APIS</subfield>
            <subfield code="u">http://urn.kb.se/resolve?urn=urn:nbn:se:kau:diva-88238</subfield>
        </datafield>
        <datafield tag="887" ind1=" " ind2=" ">
            <subfield code="a">{&quot;@id&quot;:&quot;8pfvpcx9683jtsn7&quot;,&quot;modified&quot;:&quot;2022-02-26T05:55:04.935+01:00&quot;}</subfield>
            <subfield code="2">librisxl</subfield>
        </datafield>
        <datafield tag="887" ind1=" " ind2=" ">
            <subfield code="5">APIS</subfield>
            <subfield code="a">{&quot;@id&quot;:&quot;hxn3xl5mfstwztcc&quot;,&quot;modified&quot;:&quot;2022-02-26T05:55:05.001+01:00&quot;}</subfield>
            <subfield code="2">librisxl</subfield>
        </datafield>
    </record>
</collection>
